@misc{Socket.IO,
  author = {Socket.IO},
  title = {Socket.IO},
  url = {https://socket.io/docs/v4/},
  urldate = {2022-06-30}
}
@misc{MVC,
    author = {w3schools.in},
    title = {What is MVC Architecture?},
    url = {https://www.w3schools.in/mvc-architecture},
    urldate = {2022-06-30}
}
@misc{ReactJS,
    author = {reactjs.org},
    title = {What ReactJS?},
    url = {https://reactjs.org/docs/getting-started.html},
    urldate = {2022-06-30}
}
@misc{MySQL,
    author = {mysql.com},
    title = {What MySQL?},
    url = {https://www.mysql.com/why-mysql/},
    urldate = {2022-06-30}
}
@misc{Bootstrap,
    author = {getbootstrap.com},
    title = {Get started with Bootstrap.},
    url = {https://getbootstrap.com/docs/5.2/getting-started/introduction/},
    urldate = {2022-06-30}
}

@misc{Laravel,
    author = {laravel.com},
    title = {Why Laravel ?},
    url = {https://laravel.com/docs/9.x},
    urldate = {2022-06-30}
}
@misc{PHP,
    author = {php.net},
    title = {What PHP?},
    url = {https://www.php.net/docs.php},
    urldate = {2022-06-30}
}